% This file was created with JabRef 2.8.1.
% Encoding: UTF8

@STRING{IJHMT = {International Journal of Heat and Mass Transfer}}

@ARTICLE{Lamberg2003,
  author = {P. Lamberg and K. Sirén},
  title = {Approximate analytical model for solidification in a finite PCM storage
	with internal fins},
  journal = {Applied Mathematical Modelling},
  year = {2003},
  volume = {27},
  pages = {491-513},
  owner = {Thomas Tschirner},
  timestamp = {2008.06.29}
}

@comment{jabref-meta: selector_Year:2006;}

@comment{jabref-meta: fileDirectory:W:\\EBC_Public\\Literatur;}

@comment{jabref-meta: selector_keywords:Demand Side Management;DSM;EBC
-Eigen;GOET;}

@comment{jabref-meta: groupsversion:3;}

@comment{jabref-meta: groupstree:
0 AllEntriesGroup:;
1 ExplicitGroup:NumSim\;0\;Afjei2011\;Baerwolff2007\;BauSIM2008\;Calog
ine2010\;Clarke2001\;Clauser2003\;D.Limperich2005\;Deng2004\;Eborn2000
\;Engel1996\;Eskilson1987\;Felgner2002\;FrancescoCasella2003a\;Frances
coCasella2003b\;FrancescoCasella2008\;FrancescoCasella2008a\;Gao2008\;
Gehlin2003a\;Gnielinski2007\;Helpin2011\;Holm2001\;Kattenstein2003\;Le
e2007\;Lee2011\;Litz2003\;Lundin1985\;Meister2008\;Merker1977\;Michael
Hinze1996\;Miura2011\;Moosberger2007\;Palmer2009\;Raimundo\;Safa2011\;
Schroeder1975\;Seifert2012\;StefanWischhusen2003\;ThorbenVahlenkamp200
8\;TorgePfafferott2003\;Tummescheit2002\;Wischhusen2006\;Yavuzturk1999
\;;
2 ExplicitGroup:CFD\;0\;Abe1994\;Abe1995\;Antoine200\;Barrett1994\;Fra
nke2007\;Froehlich2006\;Gerder2006\;Hayashi2002a\;Hjertager2003\;Jasak
\;JorgeBailon-Cuba2012\;Loomans1998a\;Murakami1996a\;Schlichting2006\;
Tai\;Weide2005\;Zhai2002\;;
3 ExplicitGroup:Ansys\;0\;ANSYS2006\;ANSYS2006a\;ANSYS2006b\;ANSYS2006
c\;ANSYS2006d\;ANSYS2006e\;ANSYS2006f\;ANSYS2006g\;;
3 ExplicitGroup:OpenFOAM\;0\;DeVilliers2010\;Jasak\;Jasak:CMND2007\;Ja
sak:CONTACTSTRESS\;Jasak:ENGINES\;Jasak:ERRORADAPTIVE\;Jasak:ERROREXAM
PLES\;Jasak:ERRORTHEORY\;Jasak:FOAMENGINE\;Jasak:GAMMAPAPER\;Jasak:ICC
SM5\;Jasak:INTERGAMMA\;Jasak:LOCALPROBLEM\;Jasak:MeshMotion\;Jasak:PhD
\;Jasak:Preconditioned\;Jasak:RESIDUAL\;Jasak:STRESS\;UserGuideOF2010\
;;
2 ExplicitGroup:ThermischeSimulation\;0\;Andre2008\;Cockroft2009\;DIN-
EN-ISO-13790-2008\;DIN-EN-ISO-13791-2010\;Felsmann2009a\;Glueck2006a\;
Goethals2009\;Haller2009a\;Hube2004\;Karlsson2007\;Kim2012\;Levermore2
006\;Marx2011\;Merz2002\;Moon2009\;Nadler1995\;Nielsen2005\;Nouidui200
8\;Persson2006\;Stoyanova2012\;Treeck1998\;VanderVeken2005\;Zhai2002\;
;
3 ExplicitGroup:Modelica\;0\;Bachmann2008\;Bachmann2008a\;Blervaque201
2\;FrancescoCasella2003a\;FrancescoCasella2003b\;FrancescoCasella2008\
;FrancescoCasella2008a\;Matthes2006\;Nouidui2012\;Richert2003\;Tummesc
heit2000\;;
1 ExplicitGroup:Wärmetechnik\;0\;Albring2001\;Apsley2003\;Artmann2008\
;Bandrowski1972\;Batti1988\;Becker2002\;Bejan1994\;Bejan1994a\;Bejan19
94b\;Bejan1994c\;Bredberg2000\;Briggs1998\;Bǒsnjakovic1972\;Chambers19
85\;Chua1990\;Chuang1969\;Corrsin1950\;Crafta\;Eckert1960\;Eckert1961\
;Eckert1961a\;Eckert1961b\;Eckert1961c\;Ede1967\;Eichhorn\;Elder1965\;
Elder1965a\;FernándezSeara2011\;Fluent2001e\;Fluent2001f\;Gao2008\;Gni
elinski1994\;Herwig2000\;JorgeBailon-Cuba2012\;Lianzhong2007\;Liddamen
t1998\;Luikov1967\;Luikov1967a\;Luikov1972\;Luikov1972a\;Manz2000\;Mil
les2001a\;Milles2002\;Olesen2003\;Ostrach1972\;Richter\;Roetzel1980\;R
oulet2001\;Schibuola1997\;Schmidt1930\;Seifert2008\;Seifert2012\;Shao2
010\;Spang1995\;TZWL2011-11\;Tieszen1998\;Traupel1970\;Vogl1997\;Wagne
r1974\;Weinbaum1963\;Zikanov2002\;;
1 ExplicitGroup:Waermepumpen\;0\;2001\;2002\;2006a\;Adam\;Afjei2011\;A
kasaka2010\;Andre2008\;Association2007\;Baer2012\;Balta2008\;Balta2011
\;Baumann2007\;Benli2011\;Bianchi2005\;Bianchi2006\;Blervaque2012\;Boa
it2011\;Boeckh2005\;Brasz2010a\;Bressler1996\;Brugmann2006\;Chapuis200
9\;Chen2011\;Chua2007\;Clauser2003\;Conde1992\;Deng2004\;Djuric2011\;E
lgendy2011\;ElisabethKjellsson2005\;EnergierAgentur.NRW2007\;Erlandsso
n2010\;Eskilson1987\;Feist2005\;Filliard2009\;Fisher2005\;Fracastoro20
10\;Gehlin2003a\;Gnielinski2007\;Goericke2012\;Graeber2009\;Gram-Hanss
en2012\;Grosse-Kracht2009\;Guenther2011\;HPCNewsletter\;HPCNewsletter1
997\;HPCNewsletter1999\;HPCNewsletter2003\;HPCNewsletter2003a\;HPCNews
letter2005\;HPCNewsletter2005a\;HPCNewsletter2005b\;HPCNewsletter2006\
;HPCNewsletter2007\;HPCNewsletter2007a\;HPCNewsletter2008\;HPCNewslett
er2008a\;Hackel2011\;Hafner2011\;Hafner2011a\;He2009\;Heilek2013\;Help
in2011\;Hieble2010\;Hoenig2005\;Hoenig2011\;Hoogmartens2011\;Hubacher2
001\;Huber2007\;Huchtemann2008\;Huchtemann2009\;Huchtemann2009a\;Hucht
emann2009b\;Huchtemann2010\;Huchtemann2010a\;Huchtemann2010b\;Huchtema
nn2010c\;Huchtemann2011\;Huchtemann2011a\;Huchtemann2012\;Hundy2000\;I
U2007\;Kabelac2006\;Kaeltetechnik2006\;Karlsson2007a\;Kattenstein2003\
;Kauffeld2011\;Kim2001\;Kim2006\;Kinab2010\;Knapp2012\;Koeberle2013\;K
oepke2011\;Kozak2009\;Kruse1997\;Kuepper2010\;L.Lamarche2008\;Lazzarin
2012\;Lee2007\;Lee2011\;Liang2011\;Lianzhong2007\;Ling2004\;Lipperheid
e2011\;Liu2009\;Liu2011a\;Loeffler2006\;Lundin1985\;Mader2011\;Mancare
lla2009\;Marx2011\;Mellwig2009a\;Mengede2006\;Merker1977\;Mertel2008\;
Miara2007\;Miara2011\;Mildenberger2009\;Milenic´2009\;Milles2001\;Miur
a2011\;Mosemann2009\;Mostofizadeh2008\;N.N.2009a\;Nabe2011\;Ney1990\;O
chsner2008\;Olesen2003\;OlympiaZogou2007\;Ott2009\;Pahud2004\;Parisch2
012\;Persson2006\;Platt2010\;Purdy2003\;R-1234yf\;Rad2009\;Radermacher
2005\;Rafferty2001\;Reichelt2008\;Rekstad2003\;Rieberer2006\;Riederer2
009\;Rieger2011\;Rink1988\;Rybach\;Rybacha\;Rybachb\;S.E.A.Gehlin2003\
;Safa2011\;Salvalai2012\;Sarkar2008\;Schiefelbein2008\;Schiffmann2002\
;Schiffmann2005\;Schweiz2002\;Seifert2009\;Sippel2002\;Stafford2012\;S
tahlberg\;Suess2003\;Sugden2011\;Thomas2005\;Turbocor2003\;Uhlmann2009
\;Uhlmann2010\;VDI3985-2004\;VDI4640_2\;WM-BW-2010\;WPZ-LW2011\;WPZ-SW
2012\;WP_Exergie\;Waermepumpen2004\;Wagner2011\;Wang2012\;Wellstein200
5\;Wernick2005\;Winandy2011\;Xuedan2011\;Yavuzturk1999\;Yildiz2008\;Yi
ldiz20091939\;You1989\;Zogg2000\;Zogg2008\;Zogg2009\;[Hrsg.Umweltminis
teriumBaden-Wuerttemberg.Inh.verantw.UmweltministeriumBaden-Wuerttembe
rg\\\;RegierungspraesidiumFreiburg2005\;wagner2009\;;
2 ExplicitGroup:Kältemittel\;0\;Burger2002\;Colbourne2010\;Hafner2011\
;Hafner2011a\;Kabelac2006\;Kauffeld2011\;Rieberer2006\;Schael2011\;Sue
ss2003\;Wagner2011\;Wang2012\;;
2 ExplicitGroup:Einflussfaktoren auf COP und JAZ\;0\;Adhikari2011\;Alb
ert2008\;Banasiak2010\;Ehrbar2000\;Ehrbar2002\;Ehrbar2005\;Eschmann201
2\;Gasser2008\;Hafner2010\;Hempel2008\;K.J.Chua2010\;Kopp2005\;Kosowsk
i2010\;Lanzerath2011\;Mader2010\;Mader2011\;Ott2009a\;Partenay2010\;Zo
gg2000\;;
2 ExplicitGroup:Sole-Wärmepumpe\;0\;Lamarche2007\;Michopoulos2009\;Mon
tagud2011\;Partenay2010\;Petzborn2012\;Sanaye2009\;;
2 ExplicitGroup:Luft-Wärmepumpe\;0\;Gasser2010\;Huchtemann2013\;Kelly2
011\;Verhelst2012\;;
2 ExplicitGroup:Erdkollektor-Wärmepumpe\;0\;;
2 ExplicitGroup:Feldversuch\;0\;Guenther2011\;Huchtemann2009b\;Huchtem
ann2010\;Huchtemann2010c\;Miara2007\;Miara2011\;Miara2011a\;Russ2008\;
Russ2010\;Wemhoener2011\;;
1 ExplicitGroup:Lüftung\;2\;2003\;2003b\;Artmann2008\;Bach1993\;Becker
2002\;Bjorn1996\;Bjorn1997\;Calogine2010\;Cho\;Cullen2002\;Engdahl2004
\;Etheridge1996\;FGK\;Fitzner1996\;Grossmann1994\;Haverinen-Shaughness
y2011\;Kosonen2002\;Li\;Li1992\;Li2005\;Loomans1998\;Loomans1998a\;Mak
ulla2002\;Manzoni1997\;Nadler1995\;Nayendov2002\;Palmer2009\;Pettenkof
er1858\;Pfafferott2003\;Pfafferott2003a\;Raatschen1988\;Raimundo\;Rehv
aGuidebook02-2010\;Roos1999\;Roulet2001\;Schibuola1997\;Sherman1997\;S
undell2010\;Sutcliffe1990\;Xing2001\;Yamanaka\;Zhai2002\;;
2 ExplicitGroup:dezentrale Lüftung\;0\;Bohne\;Dorer2006\;Eppe2004\;Fra
nzke2003\;Gebaeudetechnik2005\;Hartwig\;Hirn2009\;Kampmann\;Klimatec\;
Klimatec2006\;Krantz2001\;Krantz2005\;Krantz2006\;Krantz2006a\;Kriegel
2005\;Lorenz1999\;Matthes2010\;Roth2002\;Schlosser2008\;Trox\;Trox2003
\;Trox2005\;Trox2006\;Trox2006a\;benzing\;emco\;;
2 ExplicitGroup:Fensterlüftung\;0\;Allard1998\;Awbi1998\;Brauns2007\;B
reesch2006\;Daler1984\;Gerder2006\;Hall2004\;Heiselberg2001\;Lass2003\
;Lauckner2010\;Maas1995\;Maas1998\;Matthes2010\;Milles2002a\;Perino200
9\;Rijal2008\;Walker1992\;Wildeboer2006a\;Zeidler2001\;;
2 ExplicitGroup:maschinelle Lüftung\;0\;Awbi1998\;Eck2003\;FernándezSe
ara2011\;Gates2001\;Lauckner2010\;Liddament1998\;Manz2000\;Matthes2010
\;Schell2001\;TZWL2011-11\;;
2 ExplicitGroup:hybride Lüftung\;0\;Afonso2004\;Akamine2004\;Allgayer2
004\;Breesch2004\;Chenvidyakarn2004\;Citterio2002\;Coffey2004\;Coffey2
004a\;Dai2004\;Daniels2003\;Delsante2002\;ElMankibi2006\;Endo2004\;Erh
orn-Kluttig2005\;Erhorn2002\;Erhorn2003\;Farinha2004\;Favarolo2004\;Fi
tzgerald2004\;Fitzgerald2004a\;Gintars2002\;Gobeau2004\;Gritzki2004\;G
uha2004\;Haslavsky2004\;Hasselaar2008\;Heiselberg1999\;Heiselberg2002\
;Heiselberg2004\;Itard2008\;Jalas2000\;Jalas2000a\;Jalas2001\;Ji2004\;
KabirMokamelkhah2007\;Kluttig2001\;Kluttig2003\;Kluttig2004\;Kluttig20
04a\;Kotani2004\;Kurabuchi2004\;Lechner2004\;Lee2004\;Li2004\;Livermor
e2004\;Matthes2010\;Nishizawa2004\;Ohba2004\;Ouyang2004\;Pither2003\;S
INTEF2003\;Sawachi2004\;Schiller2002\;Schmitz2008\;Seifert2004\;Selvic
ka2006\;Seppaenen2004\;TAKEMASA2004\;Tan2004\;Triantis2003\;Walker2004
\;Woods2004\;Woods2004a\;Yoshino2004\;;
2 ExplicitGroup:Schullüftung\;0\;Berlo2007\;Boer2005\;Boerstra\;Boerst
ra2005\;Bolsius2008\;Bradke2005\;Bretzke2004\;Caps2008\;Curtis1991\;Cu
rtis1991a\;Erhorn-Kluttig2005a\;Erhorn2005b\;Erhorn2005c\;Erhorn2007\;
FH_Kufstein\;FH_Kufsteina\;FH_Kufsteinb\;FH_Kufsteinc\;Feist2006\;Fisc
her2003\;Fluch2007\;Frumkin2006\;Goerres2007\;Grams2004\;Greml2008\;Gr
eml2008a\;Greml2008b\;Greml2008c\;Greml2008d\;Greml2008e\;Greml2008f\;
Gritzki2008\;HLK2006\;Hampel2008\;Hartmann2008\;Hauser2005\;Hauser2005
a\;Hauser2007\;Haverinen-Shaughnessy2011\;Helbig2008\;Herkel2004\;Jako
biak2008\;Jensch2005\;Kienzlen2005\;Klima2007\;Koeningsdorff2006\;Koen
ingsdorff2008\;Kratz2007\;Krause2008\;Krueck2005\;Kruempelbeck2007\;Ku
ebler2007\;Kurnitski2007\;Lee2000\;Luetkemeyer2007\;Matthes2010\;Milke
2008\;Ned-Air2008\;Neumann2009\;Neumann2009a\;Neumann2009b\;Pillen2007
\;Reichenberger2005\;Reiss2005a\;Reiss2008\;Richter2005\;Rosatzin-Stro
bel2004\;Rothe2008\;Sidler2004\;Swoboda2009\;Vetter2005\;Vogel2008\;Wa
rgocki\;Wollensak2007\;Zeiler2008\;Zenger2005\;vandenEngel2008\;;
2 ExplicitGroup:Regelung\;0\;Gates2001\;Herkel2005\;Herkel2005a\;Lauck
ner2010\;Pfafferott2003b\;Schell2001\;;
2 ExplicitGroup:Schall\;0\;Caro2005\;Caro2005a\;Koeltzsch2001\;Manz200
0\;Seiner1998\;VDI2569-1990\;;
2 ExplicitGroup:Zukunftsraum Schule\;0\;Bine2010\;Gertis2010\;Hellwig2
008\;Hellwig2009a\;Hellwig2009b\;Huebner2006\;Leistner2006\;Milles2000
\;Seydel2003\;Seydel2003a\;adz2009\;nlga2003\;znwb2008\;;
1 ExplicitGroup:Regelungstechnik\;0\;Boait2010\;Chua2007\;Felsmann2009
a\;Gates2001\;Giannakis2011\;KabirMokamelkhah2007\;Kim2012\;Knapp2012\
;Lianzhong2007\;Liao2005\;Litz2003\;Ma2008\;Moon2009\;Peeters2008\;Ric
hert2006\;Sewe2012\;Sourbron2009\;Thomas2005\;Timmons1995\;Zaheer-Uddi
n1993\;;
1 ExplicitGroup:Akustik\;0\;Tai\;;
2 ExplicitGroup:Psychoakustik\;0\;Ellermeier2009\;Fastl2007\;Fels2003\
;Fiedler2009\;Genuit2007\;HEADacoustics2008\;HEADacoustics2009\;Hesse2
003\;Kalivoda1998\;Klatte2006\;Laback2006\;Leistner2006a\;Lerch2009\;S
edlbauer2006\;UdKBerlin2002\;UdKBerlin2003\;VDI2569-1990\;Zeller2009\;
null2005\;unknown2004\;;
1 ExplicitGroup:Behaglichkeit/Komfort\;0\;2003\;2003b\;Arens2009\;Auli
ciens1992\;DeCarli2007\;DeDear1998\;Dear2001\;Fishman1982\;Franzke2009
\;Goethals2009\;Haverinen-Shaughnessy2011\;Moon2009\;Morgan2003\;Nicol
2002\;Nicol2004\;RAE2012-2012\;Richter2007b\;Richter2011\;Rijal2007\;S
chierz2001\;Sedlbauer2003\;Sourbron2011\;Toftum2009\;Wei2010\;Xing2001
\;Yang2010\;;
1 ExplicitGroup:Mathematik\;0\;Baerwolff2006\;Barrett1994\;Wagner1974\
;;
2 ExplicitGroup:Matlab\;0\;Beucher2005\;Quarteroni2006\;;
1 ExplicitGroup:Nutzerprofile\;0\;Moosberger2007\;;
1 SearchGroup:Michaels DB\;0\;(owner==mad)  OR keywords=mad\;0\;0\;;
1 ExplicitGroup:Normen\;0\;DIN-EN-0815-2010\;DIN-EN-12831-Bbl1-2008\;D
IN-EN-13779-2007\;DIN-EN-15251-2007\;DIN-EN-255-1997\;DIN-EN-ISO-13790
-2008\;DIN-EN-ISO-13791-2010\;DIN-EN-ISO-16484-T3-2005\;DIN-EN-ISO-694
6-2008\;DIN-EN-ISO-7730-2006\;DIN-ISO-12831-Bbl1-2008\;DIN-SPEC-4701\;
DIN-V-4701-2003\;DINV18599\;VDI\;VDI-2067-B1\;VDI-2067-Blatt-1-2000\;V
DI-2067-Blatt-20-2000\;VDI-2078-1996\;VDI-2078-2003\;VDI-3807-1-2007\;
VDI-4300-9\;VDI-4650-2009\;VDI2001\;VDI2569-1990\;VDI3525-2007\;VDI381
4-2009\;VDI3985-2004\;VDI4640_1\;VDI4640_2\;VDI4640_3\;VDI4655-2008\;V
DI4706-2009\;VDIWaermeatlas\;VDIWaermeatlas1994\;VDIWaermeatlas1998\;V
DIWaermeatlas2006\;VDMA24390\;;
1 ExplicitGroup:Spurengase\;0\;BOOS\;Bidgo\;Bluethgen1980\;Gerder2006\
;;
1 ExplicitGroup:Strömung\;0\;Awbi1998\;Durst2006\;Herwig2006a\;Idelchi
k2003\;JorgeBailon-Cuba2012\;Loomans1998a\;Oertel2006\;Surek2007\;;
1 KeywordGroup:Eigenveröffentlichungen\;2\;keywords\;EBC-Eigen\;0\;0\;
;
2 SearchGroup:Eigenveröffentlichungen2006\;0\;keywords=EBC-Eigen AND y
ear=2006\;0\;0\;;
2 SearchGroup:Eigenveröffentlichungen2007\;0\;keywords=EBC-Eigen AND y
ear=2007\;0\;0\;;
2 SearchGroup:Eigenveröffentlichungen2008\;0\;keywords=EBC-Eigen AND y
ear=2008\;0\;0\;;
2 SearchGroup:Eigenveröffentlichungen2009\;0\;keywords=EBC-Eigen AND y
ear=2009\;0\;0\;;
2 SearchGroup:Eigenveröffentlichungen2010\;0\;keywords=EBC-Eigen AND y
ear=2010\;0\;0\;;
2 SearchGroup:Eigenveröffentlichungen2011\;0\;keywords=EBC-Eigen AND y
ear=2011\;0\;0\;;
2 SearchGroup:Eigenveröffentlichungen2012\;0\;keywords=EBC-Eigen AND y
ear=2012\;0\;0\;;
2 SearchGroup:Eigenveröffentlichungen2013\;0\;keywords=EBC-Eigen AND y
ear=2013\;0\;0\;;
1 ExplicitGroup:Kessel\;0\;Burger2003\;Cockroft2009\;Felsmann2009a\;Fi
edler2006\;Haller2009a\;Persson2006\;Seifert2012\;Sewe2012\;VanderVeke
n2005\;;
1 ExplicitGroup:DSM\;0\;Baer2012\;Balzer2011\;Braun1990\;Bundesnetzarg
entur2011\;ESIDEF\;Feist2011\;Hulle2010\;IEEE2012\;Kim2009\;Kurnitski2
010\;Mock2011\;Molitor2011\;Monti2010\;PathSmartGrid\;Richardson2010\;
Robinson2011\;Robinson2011a\;Robinson2011b\;Robinson2012\;Roon2010\;Sc
haeffler2011\;Schell2001\;Stoyanova2012\;Wang2010\;Zhang1999\;;
}

